@article{KouWil15,
author       = {Ioannis Koutis and
                  Ryan Williams},
  title        = {Algebraic fingerprints for faster algorithms},
  journal      = {Commun. {ACM}},
  volume       = {59},
  number       = {1},
  pages        = {98--105},
  year         = {2016},
  url          = {https://doi.org/10.1145/2742544},
  doi          = {10.1145/2742544},
  timestamp    = {Tue, 06 Nov 2018 12:51:34 +0100},
  biburl       = {https://dblp.org/rec/journals/cacm/KoutisW16.bib},
  bibsource    = {dblp computer science bibliography, https://dblp.org}
}

@InProceedings{Koutis08,
author       = {Ioannis Koutis},
  editor       = {Luca Aceto and
                  Ivan Damg{\aa}rd and
                  Leslie Ann Goldberg and
                  Magn{\'{u}}s M. Halld{\'{o}}rsson and
                  Anna Ing{\'{o}}lfsd{\'{o}}ttir and
                  Igor Walukiewicz},
  title        = {Faster Algebraic Algorithms for Path and Packing Problems},
  booktitle    = {Automata, Languages and Programming, 35th International Colloquium,
                  {ICALP} 2008, Reykjavik, Iceland, July 7-11, 2008, Proceedings, Part
                  {I:} Tack {A:} Algorithms, Automata, Complexity, and Games},
  series       = {Lecture Notes in Computer Science},
  volume       = {5125},
  pages        = {575--586},
  publisher    = {Springer},
  year         = {2008},
  url          = {https://doi.org/10.1007/978-3-540-70575-8\_47},
  doi          = {10.1007/978-3-540-70575-8\_47},
  timestamp    = {Fri, 27 Mar 2020 09:02:59 +0100},
  biburl       = {https://dblp.org/rec/conf/icalp/Koutis08.bib},
  bibsource    = {dblp computer science bibliography, https://dblp.org}
}

@article{Koutis05,
author       = {Ioannis Koutis},
  title        = {A faster parameterized algorithm for set packing},
  journal      = {Inf. Process. Lett.},
  volume       = {94},
  number       = {1},
  pages        = {7--9},
  year         = {2005},
  url          = {https://doi.org/10.1016/j.ipl.2004.12.005},
  doi          = {10.1016/j.ipl.2004.12.005},
  timestamp    = {Fri, 26 May 2017 22:54:46 +0200},
  biburl       = {https://dblp.org/rec/journals/ipl/Koutis05.bib},
  bibsource    = {dblp computer science bibliography, https://dblp.org}
}

@article{Björklund14,
author       = {Andreas Bj{\"{o}}rklund},
  title        = {Determinant Sums for Undirected Hamiltonicity},
  booktitle    = {51th Annual {IEEE} Symposium on Foundations of Computer Science, {FOCS}
                  2010, October 23-26, 2010, Las Vegas, Nevada, {USA}},
  pages        = {173--182},
  publisher    = {{IEEE} Computer Society},
  year         = {2010},
  url          = {https://doi.org/10.1109/FOCS.2010.24},
  doi          = {10.1109/FOCS.2010.24},
  timestamp    = {Thu, 23 Mar 2023 23:57:55 +0100},
  biburl       = {https://dblp.org/rec/conf/focs/Bjorklund10.bib},
  bibsource    = {dblp computer science bibliography, https://dblp.org}
}

@article{Williams09,
author       = {Ryan Williams},
  title        = {Finding paths of length $k$ in O*($2^k$) time},
  journal      = {CoRR},
  volume       = {abs/0807.3026},
  year         = {2008},
  url          = {http://arxiv.org/abs/0807.3026},
  eprinttype    = {arXiv},
  eprint       = {0807.3026},
  timestamp    = {Mon, 13 Aug 2018 16:47:58 +0200},
  biburl       = {https://dblp.org/rec/journals/corr/abs-0807-3026.bib},
  bibsource    = {dblp computer science bibliography, https://dblp.org}
}

@article{Alon95,
author       = {Noga Alon and
                  Raphael Yuster and
                  Uri Zwick},
  title        = {Color-Coding},
  journal      = {J. {ACM}},
  volume       = {42},
  number       = {4},
  pages        = {844--856},
  year         = {1995},
  url          = {https://doi.org/10.1145/210332.210337},
  doi          = {10.1145/210332.210337},
  timestamp    = {Wed, 14 Nov 2018 10:35:26 +0100},
  biburl       = {https://dblp.org/rec/journals/jacm/AlonYZ95.bib},
  bibsource    = {dblp computer science bibliography, https://dblp.org}
}

@inproceedings{Chen07,
author       = {Jianer Chen and
                  Songjian Lu and
                  Sing{-}Hoi Sze and
                  Fenghui Zhang},
  editor       = {Nikhil Bansal and
                  Kirk Pruhs and
                  Clifford Stein},
  title        = {Improved algorithms for path, matching, and packing problems},
  booktitle    = {Proceedings of the Eighteenth Annual {ACM-SIAM} Symposium on Discrete
                  Algorithms, {SODA} 2007, New Orleans, Louisiana, USA, January 7-9,
                  2007},
  pages        = {298--307},
  publisher    = {{SIAM}},
  year         = {2007},
  url          = {http://dl.acm.org/citation.cfm?id=1283383.1283415},
  timestamp    = {Tue, 15 Feb 2022 07:54:27 +0100},
  biburl       = {https://dblp.org/rec/conf/soda/ChenLSZ07.bib},
  bibsource    = {dblp computer science bibliography, https://dblp.org}
}

@article{HelKar62,
author       = {Michael Held and
                  Richard M. Karp},
  editor       = {Thomas C. Rowan},
  title        = {A dynamic programming approach to sequencing problems},
  booktitle    = {Proceedings of the 16th {ACM} national meeting, {ACM} 1961, {USA}},
  pages        = {71},
  publisher    = {{ACM}},
  year         = {1961},
  url          = {https://doi.org/10.1145/800029.808532},
  doi          = {10.1145/800029.808532},
  timestamp    = {Wed, 21 Apr 2021 15:31:15 +0200},
  biburl       = {https://dblp.org/rec/conf/acm/HeldK61.bib},
  bibsource    = {dblp computer science bibliography, https://dblp.org}
}

@article{Bellman62,
  author       = {Richard Bellman},
  title        = {Dynamic Programming Treatment of the Travelling Salesman Problem},
  journal      = {J. {ACM}},
  volume       = {9},
  number       = {1},
  pages        = {61--63},
  year         = {1962},
  url          = {https://doi.org/10.1145/321105.321111},
  doi          = {10.1145/321105.321111},
  timestamp    = {Wed, 14 Nov 2018 10:35:23 +0100},
  biburl       = {https://dblp.org/rec/journals/jacm/Bellman62.bib},
  bibsource    = {dblp computer science bibliography, https://dblp.org}
}

@article{Björklund17,
	author       = {Andreas Bj{\"{o}}rklund and
                  Thore Husfeldt and
                  Petteri Kaski and
                  Mikko Koivisto},
  title        = {Narrow sieves for parameterized paths and packings},
  journal      = {J. Comput. Syst. Sci.},
  volume       = {87},
  pages        = {119--139},
  year         = {2017},
  url          = {https://doi.org/10.1016/j.jcss.2017.03.003},
  doi          = {10.1016/j.jcss.2017.03.003},
  timestamp    = {Wed, 14 Jun 2017 20:37:37 +0200},
  biburl       = {https://dblp.org/rec/journals/jcss/BjorklundHKK17.bib},
  bibsource    = {dblp computer science bibliography, https://dblp.org}
}

@article{Fomin17,
author       = {Fedor V. Fomin and
                  Daniel Lokshtanov and
                  Fahad Panolan and
                  Saket Saurabh},
  title        = {Representative Families of Product Families},
  journal      = {{ACM} Trans. Algorithms},
  volume       = {13},
  number       = {3},
  pages        = {36:1--36:29},
  year         = {2017},
  url          = {https://doi.org/10.1145/3039243},
  doi          = {10.1145/3039243},
  timestamp    = {Fri, 27 Dec 2019 21:12:48 +0100},
  biburl       = {https://dblp.org/rec/journals/talg/FominLPS17.bib},
  bibsource    = {dblp computer science bibliography, https://dblp.org}
}

@article{Valiant92,
  title={Why is Boolean complexity theory difficult},
  author={Valiant, Leslie G},
  journal={Boolean Function Complexity},
  volume={169},
  number={84-94},
  pages={4},
  year={1992}
}

@InProceedings{KouWil09,
author       = {Ioannis Koutis and
                  Ryan Williams},
  editor       = {Susanne Albers and
                  Alberto Marchetti{-}Spaccamela and
                  Yossi Matias and
                  Sotiris E. Nikoletseas and
                  Wolfgang Thomas},
  title        = {Limits and Applications of Group Algebras for Parameterized Problems},
  booktitle    = {Automata, Languages and Programming, 36th International Colloquium,
                  {ICALP} 2009, Rhodes, Greece, July 5-12, 2009, Proceedings, Part {I}},
  series       = {Lecture Notes in Computer Science},
  volume       = {5555},
  pages        = {653--664},
  publisher    = {Springer},
  year         = {2009},
  url          = {https://doi.org/10.1007/978-3-642-02927-1\_54},
  doi          = {10.1007/978-3-642-02927-1\_54},
  timestamp    = {Tue, 14 May 2019 10:00:44 +0200},
  biburl       = {https://dblp.org/rec/conf/icalp/KoutisW09.bib},
  bibsource    = {dblp computer science bibliography, https://dblp.org}
}



@article{DuanZhouWu22,
  author       = {Ran Duan and
                  Hongxun Wu and
                  Renfei Zhou},
  title        = {Faster Matrix Multiplication via Asymmetric Hashing},
  journal      = {CoRR},
  volume       = {abs/2210.10173},
  year         = {2022},
  url          = {https://doi.org/10.48550/arXiv.2210.10173},
  doi          = {10.48550/arXiv.2210.10173},
  eprinttype    = {arXiv},
  eprint       = {2210.10173},
  timestamp    = {Mon, 24 Oct 2022 18:10:06 +0200},
  biburl       = {https://dblp.org/rec/journals/corr/abs-2210-10173.bib},
  bibsource    = {dblp computer science bibliography, https://dblp.org}
}

@book{Terras99,
  title={Fourier analysis on finite groups and applications},
  author={Terras, Audrey},
  number={43},
  year={1999},
  publisher={Cambridge University Press}
}

@article{Midas19,
  author       = {Saliya Ekanayake and
                  Jose Cadena and
                  Udayanga Wickramasinghe and
                  Anil Vullikanti},
  title        = {{MIDAS:} Multilinear detection at scale},
  journal      = {J. Parallel Distributed Comput.},
  volume       = {132},
  pages        = {363--382},
  year         = {2019},
  url          = {https://doi.org/10.1016/j.jpdc.2019.04.006},
  doi          = {10.1016/j.jpdc.2019.04.006},
  timestamp    = {Sun, 02 Oct 2022 15:42:20 +0200},
  biburl       = {https://dblp.org/rec/journals/jpdc/EkanayakeCWV19.bib},
  bibsource    = {dblp computer science bibliography, https://dblp.org}
}

@article{Kneis11,
  author       = {Joachim Kneis and
                  Alexander Langer and
                  Peter Rossmanith},
  title        = {A New Algorithm for Finding Trees with Many Leaves},
  journal      = {Algorithmica},
  volume       = {61},
  number       = {4},
  pages        = {882--897},
  year         = {2011},
  url          = {https://doi.org/10.1007/s00453-010-9454-5},
  doi          = {10.1007/s00453-010-9454-5},
  timestamp    = {Wed, 17 May 2017 14:25:14 +0200},
  biburl       = {https://dblp.org/rec/journals/algorithmica/KneisLR11.bib},
  bibsource    = {dblp computer science bibliography, https://dblp.org}
}

@inproceedings{Kneis07,
  author       = {Joachim Kneis and
                  Daniel M{\"{o}}lle and
                  Peter Rossmanith},
  editor       = {Jan van Leeuwen and
                  Giuseppe F. Italiano and
                  Wiebe van der Hoek and
                  Christoph Meinel and
                  Harald Sack and
                  Frantisek Pl{\'{a}}sil},
  title        = {Partial vs. Complete Domination: t-Dominating Set},
  booktitle    = {{SOFSEM} 2007: Theory and Practice of Computer Science, 33rd Conference
                  on Current Trends in Theory and Practice of Computer Science, Harrachov,
                  Czech Republic, January 20-26, 2007, Proceedings},
  series       = {Lecture Notes in Computer Science},
  volume       = {4362},
  pages        = {367--376},
  publisher    = {Springer},
  year         = {2007},
  url          = {https://doi.org/10.1007/978-3-540-69507-3\_31},
  doi          = {10.1007/978-3-540-69507-3\_31},
  timestamp    = {Fri, 21 Oct 2022 16:47:28 +0200},
  biburl       = {https://dblp.org/rec/conf/sofsem/KneisMR07.bib},
  bibsource    = {dblp computer science bibliography, https://dblp.org}
}

@inproceedings{Chen10,
  author       = {Zhixiang Chen and
                  Bin Fu},
  editor       = {Weili Wu and
                  Ovidiu Daescu},
  title        = {Approximating Multilinear Monomial Coefficients and Maximum Multilinear
                  Monomials in Multivariate Polynomials},
  booktitle    = {Combinatorial Optimization and Applications - 4th International Conference,
                  {COCOA} 2010, Kailua-Kona, HI, USA, December 18-20, 2010, Proceedings,
                  Part {I}},
  series       = {Lecture Notes in Computer Science},
  volume       = {6508},
  pages        = {309--323},
  publisher    = {Springer},
  year         = {2010},
  url          = {https://doi.org/10.1007/978-3-642-17458-2\_26},
  doi          = {10.1007/978-3-642-17458-2\_26},
  timestamp    = {Wed, 04 May 2022 11:45:33 +0200},
  biburl       = {https://dblp.org/rec/conf/cocoa/ChenF10.bib},
  bibsource    = {dblp computer science bibliography, https://dblp.org}
}

@inproceedings{Chen11a,
  author       = {Zhixiang Chen and
                  Bin Fu},
  editor       = {Weifan Wang and
                  Xuding Zhu and
                  Ding{-}Zhu Du},
  title        = {The Complexity of Testing Monomials in Multivariate Polynomials},
  booktitle    = {Combinatorial Optimization and Applications - 5th International Conference,
                  {COCOA} 2011, Zhangjiajie, China, August 4-6, 2011. Proceedings},
  series       = {Lecture Notes in Computer Science},
  volume       = {6831},
  pages        = {1--15},
  publisher    = {Springer},
  year         = {2011},
  url          = {https://doi.org/10.1007/978-3-642-22616-8\_1},
  doi          = {10.1007/978-3-642-22616-8\_1},
  timestamp    = {Wed, 04 May 2022 11:45:33 +0200},
  biburl       = {https://dblp.org/rec/conf/cocoa/ChenF11.bib},
  bibsource    = {dblp computer science bibliography, https://dblp.org}
}

@article{Chen13a,
  author       = {Zhixiang Chen and
                  Bin Fu and
                  Yang Liu and
                  Robert T. Schweller},
  title        = {On testing monomials in multivariate polynomials},
  journal      = {Theor. Comput. Sci.},
  volume       = {497},
  pages        = {39--54},
  year         = {2013},
  url          = {https://doi.org/10.1016/j.tcs.2012.03.038},
  doi          = {10.1016/j.tcs.2012.03.038},
  timestamp    = {Wed, 04 May 2022 11:45:33 +0200},
  biburl       = {https://dblp.org/rec/journals/tcs/ChenFLS13.bib},
  bibsource    = {dblp computer science bibliography, https://dblp.org}
}

@inproceedings{Chen11b,
  author       = {Zhixiang Chen and
                  Bin Fu and
                  Yang Liu and
                  Robert T. Schweller},
  editor       = {Weifan Wang and
                  Xuding Zhu and
                  Ding{-}Zhu Du},
  title        = {Algorithms for Testing Monomials in Multivariate Polynomials},
  booktitle    = {Combinatorial Optimization and Applications - 5th International Conference,
                  {COCOA} 2011, Zhangjiajie, China, August 4-6, 2011. Proceedings},
  series       = {Lecture Notes in Computer Science},
  volume       = {6831},
  pages        = {16--30},
  publisher    = {Springer},
  year         = {2011},
  url          = {https://doi.org/10.1007/978-3-642-22616-8\_2},
  doi          = {10.1007/978-3-642-22616-8\_2},
  timestamp    = {Wed, 04 May 2022 11:45:33 +0200},
  biburl       = {https://dblp.org/rec/conf/cocoa/ChenFLS11.bib},
  bibsource    = {dblp computer science bibliography, https://dblp.org}
}

@inproceedings{Chen13b,
  author       = {Shenshi Chen},
  editor       = {Michael R. Fellows and
                  Xuehou Tan and
                  Binhai Zhu},
  title        = {Monomial Testing and Applications},
  booktitle    = {Frontiers in Algorithmics \emph{and} Algorithmic Aspects in Information
                  and Management, Third Joint International Conference, {FAW-AAIM} 2013,
                  Dalian, China, June 26-28, 2013. Proceedings},
  series       = {Lecture Notes in Computer Science},
  volume       = {7924},
  pages        = {106--117},
  publisher    = {Springer},
  year         = {2013},
  url          = {https://doi.org/10.1007/978-3-642-38756-2\_13},
  doi          = {10.1007/978-3-642-38756-2\_13},
  timestamp    = {Tue, 14 May 2019 10:00:41 +0200},
  biburl       = {https://dblp.org/rec/conf/aaim/Chen13.bib},
  bibsource    = {dblp computer science bibliography, https://dblp.org}
}

@inproceedings{Cadena17,
  author       = {Jose Cadena and
                  Saliya Ekanayake and
                  Anil Vullikanti},
  editor       = {Jian{-}Yun Nie and
                  Zoran Obradovic and
                  Toyotaro Suzumura and
                  Rumi Ghosh and
                  Raghunath Nambiar and
                  Chonggang Wang and
                  Hui Zang and
                  Ricardo Baeza{-}Yates and
                  Xiaohua Hu and
                  Jeremy Kepner and
                  Alfredo Cuzzocrea and
                  Jian Tang and
                  Masashi Toyoda},
  title        = {Fast graph scan statistics optimization using algebraic fingerprints},
  booktitle    = {2017 {IEEE} International Conference on Big Data {(IEEE} BigData 2017),
                  Boston, MA, USA, December 11-14, 2017},
  pages        = {905--910},
  publisher    = {{IEEE} Computer Society},
  year         = {2017},
  url          = {https://doi.org/10.1109/BigData.2017.8258007},
  doi          = {10.1109/BigData.2017.8258007},
  timestamp    = {Fri, 19 Nov 2021 16:08:20 +0100},
  biburl       = {https://dblp.org/rec/conf/bigdataconf/CadenaEV17.bib},
  bibsource    = {dblp computer science bibliography, https://dblp.org}
}

@inproceedings{Kabanets03,
  author       = {Valentine Kabanets and
                  Russell Impagliazzo},
  editor       = {Lawrence L. Larmore and
                  Michel X. Goemans},
  title        = {Derandomizing polynomial identity tests means proving circuit lower
                  bounds},
  booktitle    = {Proceedings of the 35th Annual {ACM} Symposium on Theory of Computing,
                  June 9-11, 2003, San Diego, CA, {USA}},
  pages        = {355--364},
  publisher    = {{ACM}},
  year         = {2003},
  url          = {https://doi.org/10.1145/780542.780595},
  doi          = {10.1145/780542.780595},
  timestamp    = {Tue, 06 Nov 2018 11:07:04 +0100},
  biburl       = {https://dblp.org/rec/conf/stoc/KabanetsI03.bib},
  bibsource    = {dblp computer science bibliography, https://dblp.org}
}

@article{Chen13c,
  author       = {Shenshi Chen and
                  Zhixiang Chen},
  title        = {Faster Deterministic Algorithms for Packing, Matching and t-Dominating
                  Set Problems},
  journal      = {CoRR},
  volume       = {abs/1306.3602},
  year         = {2013},
  url          = {http://arxiv.org/abs/1306.3602},
  eprinttype    = {arXiv},
  eprint       = {1306.3602},
  timestamp    = {Wed, 04 May 2022 11:45:33 +0200},
  biburl       = {https://dblp.org/rec/journals/corr/ChenC13.bib},
  bibsource    = {dblp computer science bibliography, https://dblp.org}
}

@article{Chen14,
  author       = {Shenshi Chen and
                  Yaqing Chen and
                  Quanhai Yang},
  title        = {Toward Randomized Testing of Q-Monomials in multivariate polynomials},
  journal      = {Discret. Math. Algorithms Appl.},
  volume       = {6},
  number       = {2},
  year         = {2014},
  url          = {https://doi.org/10.1142/S1793830914500165},
  doi          = {10.1142/S1793830914500165},
  timestamp    = {Wed, 12 Aug 2020 10:35:12 +0200},
  biburl       = {https://dblp.org/rec/journals/dmaa/ChenCY14.bib},
  bibsource    = {dblp computer science bibliography, https://dblp.org}
}

@inproceedings{Pratt19,
  author       = {Kevin Pratt},
  editor       = {David Zuckerman},
  title        = {Waring Rank, Parameterized and Exact Algorithms},
  booktitle    = {60th {IEEE} Annual Symposium on Foundations of Computer Science, {FOCS}
                  2019, Baltimore, Maryland, USA, November 9-12, 2019},
  pages        = {806--823},
  publisher    = {{IEEE} Computer Society},
  year         = {2019},
  url          = {https://doi.org/10.1109/FOCS.2019.00053},
  doi          = {10.1109/FOCS.2019.00053},
  timestamp    = {Tue, 07 Jan 2020 13:31:39 +0100},
  biburl       = {https://dblp.org/rec/conf/focs/Pratt19.bib},
  bibsource    = {dblp computer science bibliography, https://dblp.org}
}

@inproceedings{Fomin14,
  author       = {Fedor V. Fomin and
                  Daniel Lokshtanov and
                  Fahad Panolan and
                  Saket Saurabh},
  editor       = {Andreas S. Schulz and
                  Dorothea Wagner},
  title        = {Representative Sets of Product Families},
  booktitle    = {Algorithms - {ESA} 2014 - 22th Annual European Symposium, Wroclaw,
                  Poland, September 8-10, 2014. Proceedings},
  series       = {Lecture Notes in Computer Science},
  volume       = {8737},
  pages        = {443--454},
  publisher    = {Springer},
  year         = {2014},
  url          = {https://doi.org/10.1007/978-3-662-44777-2\_37},
  doi          = {10.1007/978-3-662-44777-2\_37},
  timestamp    = {Fri, 27 Dec 2019 21:21:48 +0100},
  biburl       = {https://dblp.org/rec/conf/esa/FominLPS14.bib},
  bibsource    = {dblp computer science bibliography, https://dblp.org}
}

@inproceedings{Brand19,
  author       = {Cornelius Brand},
  editor       = {Michael A. Bender and
                  Ola Svensson and
                  Grzegorz Herman},
  title        = {Patching Colors with Tensors},
  booktitle    = {27th Annual European Symposium on Algorithms, {ESA} 2019, September
                  9-11, 2019, Munich/Garching, Germany},
  series       = {LIPIcs},
  volume       = {144},
  pages        = {25:1--25:16},
  publisher    = {Schloss Dagstuhl - Leibniz-Zentrum f{\"{u}}r Informatik},
  year         = {2019},
  url          = {https://doi.org/10.4230/LIPIcs.ESA.2019.25},
  doi          = {10.4230/LIPIcs.ESA.2019.25},
  timestamp    = {Sun, 02 Oct 2022 16:00:33 +0200},
  biburl       = {https://dblp.org/rec/conf/esa/Brand19.bib},
  bibsource    = {dblp computer science bibliography, https://dblp.org}
}

@article{Brand22,
  author       = {Cornelius Brand},
  title        = {A note on algebraic techniques for subgraph detection},
  journal      = {Inf. Process. Lett.},
  volume       = {176},
  pages        = {106242},
  year         = {2022},
  url          = {https://doi.org/10.1016/j.ipl.2021.106242},
  doi          = {10.1016/j.ipl.2021.106242},
  timestamp    = {Wed, 23 Feb 2022 11:17:49 +0100},
  biburl       = {https://dblp.org/rec/journals/ipl/Brand22.bib},
  bibsource    = {dblp computer science bibliography, https://dblp.org}
}

@InProceedings{Brand21,
  author       = {Cornelius Brand and
                  Kevin Pratt},
  editor       = {Nikhil Bansal and
                  Emanuela Merelli and
                  James Worrell},
  title        = {Parameterized Applications of Symbolic Differentiation of (Totally)
                  Multilinear Polynomials},
  booktitle    = {48th International Colloquium on Automata, Languages, and Programming,
                  {ICALP} 2021, July 12-16, 2021, Glasgow, Scotland (Virtual Conference)},
  series       = {LIPIcs},
  volume       = {198},
  pages        = {38:1--38:19},
  publisher    = {Schloss Dagstuhl - Leibniz-Zentrum f{\"{u}}r Informatik},
  year         = {2021},
  url          = {https://doi.org/10.4230/LIPIcs.ICALP.2021.38},
  doi          = {10.4230/LIPIcs.ICALP.2021.38},
  timestamp    = {Sun, 02 Oct 2022 16:03:11 +0200},
  biburl       = {https://dblp.org/rec/conf/icalp/BrandP21.bib},
  bibsource    = {dblp computer science bibliography, https://dblp.org}
}

@article{Koutis12,
  author       = {Ioannis Koutis},
  title        = {Constrained multilinear detection for faster functional motif discovery},
  journal      = {Inf. Process. Lett.},
  volume       = {112},
  number       = {22},
  pages        = {889--892},
  year         = {2012},
  url          = {https://doi.org/10.1016/j.ipl.2012.08.008},
  doi          = {10.1016/j.ipl.2012.08.008},
  timestamp    = {Fri, 26 May 2017 22:54:42 +0200},
  biburl       = {https://dblp.org/rec/journals/ipl/Koutis12.bib},
  bibsource    = {dblp computer science bibliography, https://dblp.org}
}

@article{Björklund16,
  author       = {Andreas Bj{\"{o}}rklund and
                  Petteri Kaski and
                  Lukasz Kowalik},
  title        = {Constrained Multilinear Detection and Generalized Graph Motifs},
  journal      = {Algorithmica},
  volume       = {74},
  number       = {2},
  pages        = {947--967},
  year         = {2016},
  url          = {https://doi.org/10.1007/s00453-015-9981-1},
  doi          = {10.1007/s00453-015-9981-1},
  timestamp    = {Mon, 26 Oct 2020 09:00:30 +0100},
  biburl       = {https://dblp.org/rec/journals/algorithmica/BjorklundKK16.bib},
  bibsource    = {dblp computer science bibliography, https://dblp.org}
}

@article{Thejaswi20,
  author       = {Suhas Thejaswi and
                  Aristides Gionis and
                  Juho Lauri},
  title        = {Finding Path Motifs in Large Temporal Graphs Using Algebraic Fingerprints},
  journal      = {Big Data},
  volume       = {8},
  number       = {5},
  pages        = {335--362},
  year         = {2020},
  url          = {https://doi.org/10.1089/big.2020.0078},
  doi          = {10.1089/big.2020.0078},
  timestamp    = {Tue, 01 Jun 2021 09:59:13 +0200},
  biburl       = {https://dblp.org/rec/journals/bigdata/ThejaswiGL20.bib},
  bibsource    = {dblp computer science bibliography, https://dblp.org}
}

@article{Saxena09,
  author       = {Nitin Saxena},
  title        = {Progress on Polynomial Identity Testing},
  journal      = {Bull. {EATCS}},
  volume       = {99},
  pages        = {49--79},
  year         = {2009},
  timestamp    = {Thu, 18 Jun 2020 22:07:16 +0200},
  biburl       = {https://dblp.org/rec/journals/eatcs/Saxena09.bib},
  bibsource    = {dblp computer science bibliography, https://dblp.org}
}

@article{Bellare94,
  author       = {Mihir Bellare and
                  Shafi Goldwasser},
  title        = {The Complexity of Decision Versus Search},
  journal      = {{SIAM} J. Comput.},
  volume       = {23},
  number       = {1},
  pages        = {97--119},
  year         = {1994},
  url          = {https://doi.org/10.1137/S0097539792228289},
  doi          = {10.1137/S0097539792228289},
  timestamp    = {Sat, 27 May 2017 14:22:59 +0200},
  biburl       = {https://dblp.org/rec/journals/siamcomp/BellareG94.bib},
  bibsource    = {dblp computer science bibliography, https://dblp.org}
}